@book{kleinberg2006algorithm,
  title={Algorithm design},
  author={Kleinberg, Jon and Tardos, Eva},
  year={2006},
  publisher={Pearson Education India}
}


@book{cormen2022introduction,
  title={Introduction to algorithms},
  author={Cormen, Thomas H and Leiserson, Charles E and Rivest, Ronald L and Stein, Clifford},
  year={2022}
}


@book{roughgarden2017algorithms,
  title={Algorithms Illuminated},
  author={Roughgarden, Tim},
  year={2017},
  publisher={Soundlikeyourself publishing}
}


@book{skiena1998algorithm,
  title={The algorithm design manual},
  author={Skiena, Steven S},
  volume={2},
  year={1998},
  publisher={Springer}
}


@book{sniedovich2010dynamic,
  title={Dynamic programming: foundations and principles},
  author={Sniedovich, Moshe},
  year={2010},
  publisher={CRC press}
}


@article{sedgewick2007algorithms,
  title={Algorithms and data structures},
  author={Sedgewick, Robert and Wayne, Kevin},
  journal={Princeton University, COS},
  volume={226},
  year={2007}
}


@book{sheppard2017genetic,
  title={Genetic algorithms with Python},
  author={Sheppard, Clinton},
  year={2017},
  publisher={Smashwords Edition S. l}
}


@article{bellman1966dynamic,
  title={Dynamic programming},
  author={Bellman, Richard},
  journal={Science},
  volume={153},
  number={3731},
  pages={34--37},
  year={1966},
  publisher={American Association for the Advancement of Science}
}

@book{cormen2013algorithms,
  title={Algorithms unlocked},
  author={Cormen, Thomas H},
  year={2013},
  publisher={Mit Press}
}